<record><leader>00000cas a22000007a 4500</leader><controlfield tag="001">8717704</controlfield><controlfield tag="008">820825d19801983mouwn ne      0   a0eng d</controlfield><controlfield tag="009">467</controlfield><datafield ind1=" " ind2=" " tag="010"><subfield code="a">sn 82006087 </subfield></datafield><datafield ind1=" " ind2=" " tag="040"><subfield code="a">NSD</subfield><subfield code="b">eng</subfield><subfield code="c">NSD</subfield><subfield code="d">MQN</subfield><subfield code="d">OCLCQ</subfield></datafield><datafield ind1=" " ind2=" " tag="012"><subfield code="m">d</subfield></datafield><datafield ind1="1" ind2=" " tag="022"><subfield code="a">0745-0087</subfield><subfield code="l">0745-0087</subfield><subfield code="2">1</subfield></datafield><datafield ind1=" " ind2=" " tag="042"><subfield code="a">nsdp</subfield></datafield><datafield ind1=" " ind2="0" tag="222"><subfield code="a">Top's executive journal</subfield></datafield><datafield ind1="0" ind2="0" tag="245"><subfield code="a">Top's executive journal.</subfield></datafield><datafield ind1="1" ind2="0" tag="246"><subfield code="a">Executive journal</subfield></datafield><datafield ind1="1" ind2="0" tag="246"><subfield code="a">Top's journal</subfield></datafield><datafield ind1=" " ind2=" " tag="260"><subfield code="a">Springfield, Mo. :</subfield><subfield code="b">Top's Executive Journal, Inc.,</subfield><subfield code="c">1980-1983.</subfield></datafield><datafield ind1=" " ind2=" " tag="310"><subfield code="a">Weekly (except first week of Jan., last week of Apr., June, Aug., Nov., &amp; Dec.)</subfield></datafield><datafield ind1=" " ind2=" " tag="321"><subfield code="a">Biweekly,</subfield><subfield code="b">July 22, 1980-Jan. 22, 1981.</subfield></datafield><datafield ind1="0" ind2=" " tag="362"><subfield code="a">Vol. 1, no. 1 (July 22, 1980)-v. 4, no. 4 (Week of Aug. 22-28, 1983).</subfield></datafield><datafield ind1="0" ind2="0" tag="785"><subfield code="t">Springfield business journal</subfield><subfield code="x">0889-8634</subfield><subfield code="w">(DLC)sn 86002222</subfield></datafield></record>